@book{杨新文2017轨道交通轮轨噪声机理预测与控制,
  author    = {杨新文 and 翟婉明},
  title     = {轨道交通轮轨噪声机理预测与控制},
  publisher = {同济大学出版社},
  address   = {上海},
  year      = {2017},
}

@book{教育部国家语言文字工作委员会2018通用规范汉字表,
  author    = {教育部国家语言文字工作委员会},
  title     = {通用规范汉字表},
  publisher = {语文出版社},
  address   = {北京},
  year      = {2018},
}

@book{霍夫斯基主编1981禽病学,
  author    = {霍夫斯基主编},
  title     = {禽病学},
  edition   = {下册. 第7版. 胡祥壁等译.},
  publisher = {农业出版社},
  address   = {北京},
  year      = {1981},
  pages    = {15--17},
}

@book{王夫之1865宋论,
  author    = {王夫之},
  title     = {宋论},
  edition   = {刻本},
  address   = {金陵},
  publisher = {湘乡曾国荃},
  year      = {1865(清同治四年)},
}

@incollection{白书农1998植物开花研究,
  author    = {白书农},
  title     = {植物开花研究},
  editor    = {李承森},
  booktitle = {植物科学进展},
  address   = {北京},
  publisher = {高等教育出版社},
  year      = {1998},
  pages    = {146--163},
}

@book{Itkis1976control,
  author    = {Itkis, U},
  title     = {Control system of variable structure},
  publisher = {Wiley},
  address   = {New York},
  year      = {1976},
  pages    = {55-56},
}

@standard{全国信息与文献标准化技术委员会2007学位论文编写规,
  title                    = {学位论文编写规: GB/T 7713.1-2006},
  author                   = {全国信息与文献标准化技术委员会},
  pages                    = {17--20},
  publisher                = {中国标准出版社},
  year                     = {2007},
  location                 = {北京},
}

@patent{姜锡洲1983一种温热外敷药制备方案,
  author       = {姜锡洲},
  title        = {一种温热外敷药制备方案},
  year         = {1983},
  date         = {1983-08-12},
  number       = {881056078},
  country      = {中国}
}

@article{高晗2020深度学习模型压缩与加速综述,
  title={深度学习模型压缩与加速综述},
  author={高晗 and 田育龙 and 许封元 and 仲盛},
  journal={软件学报},
  volume={32},
  number={1},
  pages={68--92},
  year={2021}
}

@article{zeng2019spectrum,
  title={Spectrum analysis and convolutional neural network for automatic modulation recognition},
  author={Zeng, Yuan and Zhang, Meng and Han, Fei and Gong, Yi and Zhang, Jin},
  journal={IEEE Wireless Communications Letters},
  volume={8},
  number={3},
  pages={929--932},
  year={2019},
  publisher={IEEE}
}

@inproceedings{rathgeb2023extended,
  title={Extended depth of field imaging for mosaic hyperspectral images},
  author={Rathgeb, Armand and Ma, Ling and Tran, Minh and Fei, Baowei},
  booktitle={Conference on Medical Imaging-Digital and Computational Pathology},
  year={2023},
  address={San Diego, USA},
  pages={283--291}
}

@mastersthesis{陈梦玉2021基于人工智能算法的无线网络认知通信信号波形技术研究,
  author  = {陈梦玉},
  title   = {基于人工智能算法的无线网络认知通信信号波形技术研究},
  school  = {北京邮电大学},
  year    = {2021},
  address = {北京},
  pages  =  {35--41}
}

@newspaper{仲音2023敢做善为抓落实,
  title                    = {敢做善为抓落实},
  author                   = {仲音},
  number                   = {1},
  date                     = {2023-12-26},
  journaltitle             = {人民日报},
}

@techreport{冯西桥1997核反应堆压力容器的LBB分析,
  title                    = {核反应堆压力容器的LBB分析},
  author                   = {冯西桥},
  institution              = {清华大学核能技术设计研究院},
  date                     = {1997},
  location                 = {北京},
}

@patent{王士民2023一种用于研究盾构隧道管片上浮形态的模型实验装置,
  author       = {王士民 and 王先明 and 彭小雨 and XXX},
  title        = {一种用于研究盾构隧道管片上浮形态的模型实验装置},
  year         = {2023},
  date         = {2023-04-07},
  number       = {202210085443.X},
 country={中国}
}

@online{萧钰2001出版业信息化驶入快车道,
  title                    = {出版业信息化迈入快车道},
  author                   = {萧钰},
  url                      = {http://www.creader.com/news/20011219/200112190019.html},
  urldate                  = {2002-04-15},
  date                     = {2001-12-19},
}